@misc{ wiki:cg,
  author = "Wikipedia",
  title = "Conjugate gradient method --- {W}ikipedia{,} The Free Encyclopedia",
  year = "2014",
  howpublished = "\url{https://en.wikipedia.org/wiki/Conjugate_gradient_method}",
}
@misc{ wiki:fem,
  author = "Wikipedia",
  title = "Finite element method --- {W}ikipedia{,} The Free Encyclopedia",
  year = "2014",
  howpublished = "\url{https://en.wikipedia.org/wiki/Finite_element_method}",
}

@misc{ sleij,
  author = "Gerard L.G. Sleijpen",
  title = "Numerical Linear Algebra --- Krylov methods for Hermitian systems",
  year = "2014",
  howpublished = "\url{http://www.staff.science.uu.nl/~sleij101/Opgaven/NumLinAlg/Transparancies/Lecture7.pdf}",
}
@misc{ uniflo,
  author = "Tim Davis and Yifan Hu",
  title = "The {U}niversity of {F}lorida {S}parse {M}atrix {C}ollection",
  year = "2014",
  howpublished = "\url{http://www.cise.ufl.edu/research/sparse/matrices}"
}

@misc{ matmar,
  author = "NIST",
  title = "{M}atrix {M}arket",
  year = "2007",
  howpublished = "\url{http://math.nist.gov/MatrixMarket}"
}
@BOOK{biss04,
AUTHOR = "Rob H. Bisseling",
TITLE = "Parallel Scientific Computation:
         A Structured Approach using {BSP} and {MPI}",
year = "2004",  
MONTH= mar,  
PUBLISHER = "Oxford University Press, Oxford, UK",
KEYWORDS = "BSP, conjugate gradient,
            dense, FFT, cyclic distribution, matmat,
            matvec, Monte Carlo, LU,  MPI, parallel,
            sparse, triangular, wavelets",
ISBN= "0-19-852939-2",
     }   
